\begin{thebibliography}{}

@conference{IPCC2019,
    author =       {IPCC},
    title =        {The {O}cean and {C}ryosphere in a {C}hanging {C}limate},
    year =         {2019},
    DOI =          {https://report.ipcc.ch/srocc/pdf/SROCC_FinalDraft_FullReport.pdf}
}
@article{MWHdef,
  title={Anthropogenic and natural influences on record 2016 marine heat waves},
  author={Oliver, Eric CJ and Perkins-Kirkpatrick, Sarah E and Holbrook, Neil J and Bindoff, Nathaniel L},
  journal={Bulletin of the American Meteorological Society},
  volume={99},
  number={1},
  pages={S44--S48},
  year={2018}
}
@article{bruun2017heartbeat,
  title={Heartbeat of the S outhern O scillation explains ENSO climatic resonances},
  author={Bruun, John T and Allen, J Icarus and Smyth, Timothy J},
  journal={Journal of Geophysical Research: Oceans},
  volume={122},
  number={8},
  pages={6746--6772},
  year={2017},
  publisher={Wiley Online Library}
}
@article {toxinheat,
	author = {McKibben, S. Morgaine and Peterson, William and Wood, A. Michelle and Trainer, Vera L. and Hunter, Matthew and White, Angelicque E.},
	title = {Climatic regulation of the neurotoxin domoic acid},
	volume = {114},
	number = {2},
	pages = {239--244},
	year = {2017},
	doi = {10.1073/pnas.1606798114},
	publisher = {National Academy of Sciences},
	issn = {0027-8424},
	URL = {https://www.pnas.org/content/114/2/239},
	eprint = {https://www.pnas.org/content/114/2/239.full.pdf},
	journal = {Proceedings of the National Academy of Sciences}
}
@conference{2015Cost,
    author =       "U.S Deparment of Commerce, National Oceanic and Atmospheric Administration, National Marine Fisheries Service",
    title =        "{Fisheries of the {U}nited {S}tates of {A}merica - 2015}",
    pages =        "151",
    year =         "2015",
    DOI =          "\url{https://www.st.nmfs.noaa.gov/Assets/commercial/fus/fus15/documents/FUS2015.pdf}"
}
@incollection{AR5,
   author = {IPCC},
   title = {Climate Change 2013: The Physical Science Basis. Contribution of Working Group {I} to the Fifth Assessment Report of the Intergovernmental Panel on Climate Change},
   publisher = {Cambridge University Press},
   address = {Cambridge, United Kingdom and New York, NY, USA},
   pages = {1535},
   ISBN = {ISBN 978-1-107-66182-0},
   DOI = {10.1017/CBO9781107415324},
   url = {www.climatechange2013.org},
   year = {2013},
   type = {Book}
}
@incollection{collins2013long,
  title={Long-term climate change: projections, commitments and irreversibility},
  author={Collins, Matthew and Knutti, Reto and Arblaster, Julie and Dufresne, Jean-Louis and Fichefet, Thierry and Friedlingstein, Pierre and Gao, Xuejie and Gutowski, William J and Johns, Tim and Krinner, Gerhard and others},
  booktitle={Climate Change 2013-The Physical Science Basis: Contribution of Working Group I to the Fifth Assessment Report of the Intergovernmental Panel on Climate Change},
  pages={1029--1136},
  year={2013},
  publisher={Cambridge University Press}
}
@article{1,
  title={Emerging risks from marine heat waves},
  author={Fr{\"o}licher, Thomas L and Laufk{\"o}tter, Charlotte},
  journal={Nature communications},
  volume={9},
  number={1},
  pages={650},
  year={2018},
  publisher={Nature Publishing Group}
}
@article{2,
  title={Longer and more frequent marine heatwaves over the past century},
  author={Oliver, Eric CJ and Donat, Markus G and Burrows, Michael T and Moore, Pippa J and Smale, Dan A and Alexander, Lisa V and Benthuysen, Jessica A and Feng, Ming and Gupta, Alex Sen and Hobday, Alistair J and others},
  journal={Nature communications},
  volume={9},
  number={1},
  pages={1324},
  year={2018},
  publisher={Nature Publishing Group}
}
@article{hobday2016hierarchical,
  title={A hierarchical approach to defining marine heatwaves},
  author={Hobday, Alistair J and Alexander, Lisa V and Perkins, Sarah E and Smale, Dan A and Straub, Sandra C and Oliver, Eric CJ and Benthuysen, Jessica A and Burrows, Michael T and Donat, Markus G and Feng, Ming and others},
  journal={Progress in Oceanography},
  volume={141},
  pages={227--238},
  year={2016},
  publisher={Elsevier}
}
@article{3,
  title={Projected marine heatwaves in the 21st century and the potential for ecological impact},
  author={Oliver, Eric CJ and Burrows, Michael T and Donat, Markus G and Sen Gupta, Alex and Alexander, Lisa V and Perkins-Kirkpatrick, Sarah E and Benthuysen, Jessica and Hobday, Alistair James and Holbrook, Neil J and Moore, Pippa Jane and others},
  journal={Frontiers in Marine Science},
  volume={6},
  pages={734},
  year={2019},
  publisher={Frontiers}
}
@misc{halfO2,
  title = {{NASA} Satellite Detects Red Glow to Map Global Ocean Plant Health},
  howpublished = {\url{https://www.nasa.gov/topics/earth/features/modis_fluorescence.html}},
  author = {NASA},
  note = {Accessed: 09-01-2020}
}
@article{bidle2004cell,
  title={Cell death in planktonic, photosynthetic microorganisms},
  author={Bidle, Kay D and Falkowski, Paul G},
  journal={Nature Reviews Microbiology},
  volume={2},
  number={8},
  pages={643},
  year={2004},
  publisher={Nature Publishing Group}
}
@Manual{RStudio, title = {RStudio: Integrated Development Environment for R}, author = {{RStudio Team}}, organization = {RStudio, Inc.}, address = {Boston, MA}, year = {2015}, url = {http://www.rstudio.com/}, }
@book{MATLAB:2018,
year = {2018},
author = {MATLAB},
title = {9.7.0.1190202 (R2019b)},
publisher = {The MathWorks Inc.},
address = {Natick, Massachusetts}
}
@Manual{ESA, 
title = {Climate Change Initiative}, 
author = {{European Space Agency}}, 
year = {2019}, 
url = {https://esa-oceancolour-cci.org/?q=node/206}
}
@article{reynolds1988real,
  title={A real-time global sea surface temperature analysis},
  author={Reynolds, Richard W},
  journal={Journal of climate},
  volume={1},
  number={1},
  pages={75--87},
  year={1988}
}
@article{1993reynolds,
author = {Reynolds, Richard W. and Marsico, Diane C.},
title = {An Improved Real-Time Global Sea Surface Temperature Analysis},
journal = {Journal of Climate},
volume = {6},
number = {1},
pages = {114-119},
year = {1993},
doi = {10.1175/1520-0442(1993)006<0114:AIRTGS>2.0.CO;2},
URL = {https://doi.org/10.1175/1520-0442(1993)006<0114:AIRTGS>2.0.CO;}
}
@article{li1986fractional,
  title={Fractional time series modelling},
  author={Li, Wai Keung and McLeod, A Ian},
  journal={Biometrika},
  volume={73},
  number={1},
  pages={217--221},
  year={1986},
  publisher={Oxford University Press}
}
@Manual{TSA, 
title = {Time Series Analysis}, 
author = {{Kung-Sik Chan} and {Brian Ripley}}, 
year = {2018}, 
url = {https://cran.r-project.org/web/packages/TSA/TSA.pdf}
}
@Manual{MHWtracker, 
title = {Marine Heatwave Tracker: The app to see when and where marine heatwaves are happening around the world.}, 
author = {{Schlegel, R. W.}}, 
year = {2018}, 
url = {http://www.marineheatwaves.org/tracker}
}
@incollection{LALLI199716,
title = "CHAPTER 2 - THE ABIOTIC ENVIRONMENT",
editor = "CAROL M. LALLI and TIMOTHY R. PARSONS",
booktitle = "Biological Oceanography: An Introduction (Second Edition)",
publisher = "Butterworth-Heinemann",
edition = "Second Edition",
address = "Oxford",
pages = "16 - 38",
year = "1997",
isbn = "978-0-7506-3384-0",
doi = "https://doi.org/10.1016/B978-075063384-0/50058-X",
url = "http://www.sciencedirect.com/science/article/pii/B978075063384050058X",
author = "CAROL M. LALLI and TIMOTHY R. PARSONS"
}
@article{maranon2018nutrient,
  title={Nutrient limitation suppresses the temperature dependence of phytoplankton metabolic rates},
  author={Mara{\~n}{\'o}n, Emilio and Lorenzo, Mar{\'\i}a P and Cerme{\~n}o, Pedro and Mouri{\~n}o-Carballido, Beatriz},
  journal={The ISME journal},
  volume={12},
  number={7},
  pages={1836},
  year={2018},
  publisher={Nature Publishing Group}
}
\end{thebibliography}